@incollection{Madry18,
title = {Adversarially Robust Generalization Requires More Data},
author = {Schmidt, Ludwig and Santurkar, Shibani and Tsipras, Dimitris and Talwar, Kunal and Madry, Aleksander},
booktitle = {Advances in Neural Information Processing Systems 31},
pages = {5014--5026},
year = {2018},
publisher = {Curran Associates, Inc.},
}

@inproceedings{Yang20,
  author    = {Yao{-}Yuan Yang and
               Cyrus Rashtchian and
               Ruslan Salakhutdinov and
               Kamalika Chaudhuri},
  title     = {A Closer Look at Robustness vs. Accuracy},
  booktitle = {Neural Information Processing Systems (NeuRIPS)},
  year      = {2020}, 
}

@Book{DudaHart2nd,
  author =       "R. O. Duda and P. E. Hart and D. G. Stork",
  title =        "Pattern Classification",
  publisher =    "John Wiley and Sons",
  edition =      "2nd",
  year =         "2000"
}

@article{Urner22,
  author    = {Hassan Ashtiani and
               Vinayak Pathak and
               Ruth Urner},
  title     = {Adversarially Robust Learning with Tolerance},
  journal   = {CoRR},
  volume    = {abs/2203.00849},
  year      = {2022},
  url       = {https://doi.org/10.48550/arXiv.2203.00849},
  doi       = {10.48550/arXiv.2203.00849},
}

@misc{anonymous,
  title= {Suppressed for Anonymity},
  author= {Author, N. N.},
  year= {2021}
}



@phdthesis{kearns89,
  author = {M. J. Kearns},
  title =  {Computational Complexity of Machine Learning},
  school = {Department of Computer Science, Harvard University},
  year =   {1989}
}

@Book{MachineLearningI,
  editor = 	 "R. S. Michalski and J. G. Carbonell and T.
		  M. Mitchell",
  title = 	 "Machine Learning: An Artificial Intelligence
		  Approach, Vol. I",
  publisher = 	 "Tioga",
  year = 	 "1983",
  address =	 "Palo Alto, CA"
}

@article{sauer1972density,
  title={On the density of families of sets},
  author={Sauer, Norbert},
  journal={Journal of Combinatorial Theory, Series A},
  volume={13},
  number={1},
  pages={145--147},
  year={1972},
  publisher={Elsevier}
}

@TechReport{mitchell80,
  author = 	 "T. M. Mitchell",
  title = 	 "The Need for Biases in Learning Generalizations",
  institution =  "Computer Science Department, Rutgers University",
  year = 	 "1980",
  address =	 "New Brunswick, MA",
}

@inproceedings{langley00,
 author    = {P. Langley},
 title     = {Crafting Papers on Machine Learning},
 year      = {2000},
 pages     = {1207--1216},
 editor    = {Pat Langley},
 booktitle     = {Proceedings of the 17th International Conference
              on Machine Learning (ICML 2000)},
 address   = {Stanford, CA},
 publisher = {Morgan Kaufmann}
}

@article{shelah1972combinatorial,
  title={A combinatorial problem; stability and order for models and theories in infinitary languages},
  author={Shelah, Saharon},
  journal={Pacific Journal of Mathematics},
  volume={41},
  number={1},
  pages={247--261},
  year={1972},
  publisher={Mathematical Sciences Publishers}
}



@book{ml_book,
  author = {Shalev-Shwartz, Shai and Ben-David, Shai},
  ee = {http://www.cambridge.org/de/academic/subjects/computer-science/pattern-recognition-and-machine-learning/understanding-machine-learning-theory-algorithms},
  interhash = {125d708c7b440a3cfeb6146e83ab5de3},
  intrahash = {93329d1cd5964dd826bba3100cd17fe4},
  isbn = {978-1-10-705713-5},
  keywords = {dblp},
  pages = {I-XVI, 1-397},
  publisher = {Cambridge University Press},
  timestamp = {2020-06-06T11:43:42.000+0200},
  title = {Understanding Machine Learning - From Theory to Algorithms.},
  year = 2014
}

@inproceedings{bartlett19,
  author    = {Dong Yin and
               Kannan Ramchandran and
               Peter L. Bartlett},
  editor    = {Kamalika Chaudhuri and
               Ruslan Salakhutdinov},
  title     = {Rademacher Complexity for Adversarially Robust Generalization},
  booktitle = {Proceedings of the 36th International Conference on Machine Learning,
               {ICML} 2019, 9-15 June 2019, Long Beach, California, {USA}},
  series    = {Proceedings of Machine Learning Research},
  volume    = {97},
  pages     = {7085--7094},
  publisher = {{PMLR}},
  year      = {2019},
  url       = {http://proceedings.mlr.press/v97/yin19b.html},
  timestamp = {Tue, 08 Oct 2019 16:41:22 +0200},
  biburl    = {https://dblp.org/rec/conf/icml/YinRB19.bib},
  bibsource = {dblp computer science bibliography, https://dblp.org}
}

@inproceedings{madry19,
  author    = {Dimitris Tsipras and
               Shibani Santurkar and
               Logan Engstrom and
               Alexander Turner and
               Aleksander Madry},
  title     = {Robustness May Be at Odds with Accuracy},
  booktitle = {7th International Conference on Learning Representations, {ICLR} 2019,
               New Orleans, LA, USA, May 6-9, 2019},
  publisher = {OpenReview.net},
  year      = {2019},
  url       = {https://openreview.net/forum?id=SyxAb30cY7},
  timestamp = {Thu, 25 Jul 2019 14:26:02 +0200},
  biburl    = {https://dblp.org/rec/conf/iclr/TsiprasSETM19.bib},
  bibsource = {dblp computer science bibliography, https://dblp.org}
}

@article{pathak20,
  author    = {Hassan Ashtiani and
               Vinayak Pathak and
               Ruth Urner},
  title     = {Black-box Certification and Learning under Adversarial Perturbations},
  journal   = {CoRR},
  volume    = {abs/2006.16520},
  year      = {2020},
  url       = {https://arxiv.org/abs/2006.16520},
  eprint    = {2006.16520}
}

@article{Kane20,
  author    = {Ilias Diakonikolas and
               Daniel M. Kane and
               Pasin Manurangsi},
  title     = {The Complexity of Adversarially Robust Proper Learning of Halfspaces
               with Agnostic Noise},
  journal   = {CoRR},
  volume    = {abs/2007.15220},
  year      = {2020},
  url       = {https://arxiv.org/abs/2007.15220},
  archivePrefix = {arXiv},
  eprint    = {2007.15220},
  timestamp = {Mon, 03 Aug 2020 14:32:13 +0200},
  biburl    = {https://dblp.org/rec/journals/corr/abs-2007-15220.bib},
  bibsource = {dblp computer science bibliography, https://dblp.org}
}

@inproceedings{Jordan19,
  author    = {Hongyang Zhang and
               Yaodong Yu and
               Jiantao Jiao and
               Eric P. Xing and
               Laurent El Ghaoui and
               Michael I. Jordan},
  editor    = {Kamalika Chaudhuri and
               Ruslan Salakhutdinov},
  title     = {Theoretically Principled Trade-off between Robustness and Accuracy},
  booktitle = {Proceedings of the 36th International Conference on Machine Learning,
               {ICML} 2019, 9-15 June 2019, Long Beach, California, {USA}},
  series    = {Proceedings of Machine Learning Research},
  volume    = {97},
  pages     = {7472--7482},
  publisher = {{PMLR}},
  year      = {2019}
}

@article{loh18,
  author    = {Justin Khim and
               Po{-}Ling Loh},
  title     = {Adversarial Risk Bounds for Binary Classification via Function Transformation},
  journal   = {CoRR},
  volume    = {abs/1810.09519},
  year      = {2018},
  url       = {http://arxiv.org/abs/1810.09519},
  archivePrefix = {arXiv},
  eprint    = {1810.09519},
}

@inproceedings{attias19,
  author    = {Idan Attias and
               Aryeh Kontorovich and
               Yishay Mansour},
  editor    = {Aur{\'{e}}lien Garivier and
               Satyen Kale},
  title     = {Improved Generalization Bounds for Robust Learning},
  booktitle = {Algorithmic Learning Theory, {ALT} 2019, 22-24 March 2019, Chicago,
               Illinois, {USA}},
  series    = {Proceedings of Machine Learning Research},
  volume    = {98},
  pages     = {162--183},
  publisher = {{PMLR}},
  year      = {2019}
}

@article{robey20,
  author    = {Edgar Dobriban and
               Hamed Hassani and
               David Hong and
               Alexander Robey},
  title     = {Provable tradeoffs in adversarially robust classification},
  journal   = {CoRR},
  volume    = {abs/2006.05161},
  year      = {2020},
  url       = {https://arxiv.org/abs/2006.05161},
  archivePrefix = {arXiv},
  eprint    = {2006.05161},
  timestamp = {Fri, 12 Jun 2020 14:02:57 +0200},
  biburl    = {https://dblp.org/rec/journals/corr/abs-2006-05161.bib},
  bibsource = {dblp computer science bibliography, https://dblp.org}
}

@inproceedings{Tsipras19,
  author    = {Dimitris Tsipras and
               Shibani Santurkar and
               Logan Engstrom and
               Alexander Turner and
               Aleksander Madry},
  title     = {Robustness May Be at Odds with Accuracy},
  booktitle = {7th International Conference on Learning Representations, {ICLR} 2019,
               New Orleans, LA, USA, May 6-9, 2019},
  publisher = {OpenReview.net},
  year      = {2019}
}

@article{Raghunathan20,
  author    = {Aditi Raghunathan and
               Sang Michael Xie and
               Fanny Yang and
               John C. Duchi and
               Percy Liang},
  title     = {Understanding and Mitigating the Tradeoff Between Robustness and Accuracy},
  journal   = {CoRR},
  volume    = {abs/2002.10716},
  year      = {2020},
  url       = {https://arxiv.org/abs/2002.10716}
}

@article{ravikumar20,
  author    = {Chen Dan and
               Yuting Wei and
               Pradeep Ravikumar},
  title     = {Sharp Statistical Guarantees for Adversarially Robust Gaussian Classification},
  journal   = {CoRR},
  volume    = {abs/2006.16384},
  year      = {2020},
  url       = {https://arxiv.org/abs/2006.16384},
  archivePrefix = {arXiv},
  eprint    = {2006.16384},
  timestamp = {Mon, 07 Sep 2020 16:53:18 +0200},
  biburl    = {https://dblp.org/rec/journals/corr/abs-2006-16384.bib},
  bibsource = {dblp computer science bibliography, https://dblp.org}
}

@article{Freund99,
  author    = {Yoav Freund and
               Robert E. Schapire},
  title     = {Large Margin Classification Using the Perceptron Algorithm},
  journal   = {Mach. Learn.},
  volume    = {37},
  number    = {3},
  pages     = {277--296},
  year      = {1999},
}

@inproceedings{Bhattacharjee20,
  author    = {Robi Bhattacharjee and
               Kamalika Chaudhuri},
  title     = {When are Non-Parametric Methods Robust?},
  booktitle = {Proceedings of the 37th International Conference on Machine Learning,
               {ICML} 2020, 13-18 July 2020, Virtual Event},
  series    = {Proceedings of Machine Learning Research},
  volume    = {119},
  pages     = {832--841},
  publisher = {{PMLR}},
  year      = {2020},
}

@inproceedings{Bhattacharjee21,
  author    = {Robi Bhattacharjee and
               Kamalika Chaudhuri},
  editor    = {Marc'Aurelio Ranzato and
               Alina Beygelzimer and
               Yann N. Dauphin and
               Percy Liang and
               Jennifer Wortman Vaughan},
  title     = {Consistent Non-Parametric Methods for Maximizing Robustness},
  booktitle = {Advances in Neural Information Processing Systems 34: Annual Conference
               on Neural Information Processing Systems 2021, NeurIPS 2021, December
               6-14, 2021, virtual},
  pages     = {9036--9048},
  year      = {2021}
}



@inproceedings{Bhagoji19,
  author    = {Arjun Nitin Bhagoji and
               Daniel Cullina and
               Prateek Mittal},
  editor    = {Hanna M. Wallach and
               Hugo Larochelle and
               Alina Beygelzimer and
               Florence d'Alch{\'{e}}{-}Buc and
               Emily B. Fox and
               Roman Garnett},
  title     = {Lower Bounds on Adversarial Robustness from Optimal Transport},
  booktitle = {Advances in Neural Information Processing Systems 32: Annual Conference
               on Neural Information Processing Systems 2019, NeurIPS 2019, 8-14
               December 2019, Vancouver, BC, Canada},
  pages     = {7496--7508},
  year      = {2019},
}

@inproceedings{Cullina18,
 author = {Cullina, Daniel and Bhagoji, Arjun Nitin and Mittal, Prateek},
 booktitle = {Advances in Neural Information Processing Systems},
 editor = {S. Bengio and H. Wallach and H. Larochelle and K. Grauman and N. Cesa-Bianchi and R. Garnett},
 pages = {230--241},
 publisher = {Curran Associates, Inc.},
 title = {PAC-learning in the presence of adversaries},
 volume = {31},
 year = {2018}
}



@inproceedings{Kpotufe18,
  author    = {Samory Kpotufe and
               Guillaume Martinet},
  editor    = {S{\'{e}}bastien Bubeck and
               Vianney Perchet and
               Philippe Rigollet},
  title     = {Marginal Singularity, and the Benefits of Labels in Covariate-Shift},
  booktitle = {Conference On Learning Theory, {COLT} 2018, Stockholm, Sweden, 6-9
               July 2018},
  series    = {Proceedings of Machine Learning Research},
  volume    = {75},
  pages     = {1882--1886},
  publisher = {{PMLR}},
  year      = {2018},
}

@article{Sitwarin20,
  author    = {Chawin Sitawarin and
               Supriyo Chakraborty and
               David A. Wagner},
  title     = {Improving Adversarial Robustness Through Progressive Hardening},
  journal   = {CoRR},
  volume    = {abs/2003.09347},
  year      = {2020},
  url       = {https://arxiv.org/abs/2003.09347},
}

@book{vapnik1998,
  author = {Vapnik, Vladimir N.},
  publisher = {Wiley-Interscience},
  timestamp = {2009-11-30T17:48:32.000+0100},
  title = {Statistical Learning Theory},
  year = 1998
}



@article{cortes95,
  author    = {Corinna Cortes and
               Vladimir Vapnik},
  title     = {Support-Vector Networks},
  journal   = {Mach. Learn.},
  volume    = {20},
  number    = {3},
  pages     = {273--297},
  year      = {1995},
}

@inproceedings{Weinberger05,
  author    = {Kilian Q. Weinberger and
               John Blitzer and
               Lawrence K. Saul},
  title     = {Distance Metric Learning for Large Margin Nearest Neighbor Classification},
  booktitle = {Advances in Neural Information Processing Systems 18 [Neural Information
               Processing Systems, {NIPS} 2005, December 5-8, 2005, Vancouver, British
               Columbia, Canada]},
  pages     = {1473--1480},
  year      = {2005},
}



@incollection{Dasgupta14,
title = {Rates of Convergence for Nearest Neighbor Classification},
author = {Chaudhuri, Kamalika and Dasgupta, Sanjoy},
booktitle = {Advances in Neural Information Processing Systems 27},
editor = {Z. Ghahramani and M. Welling and C. Cortes and N. D. Lawrence and K. Q. Weinberger},
pages = {3437--3445},
year = {2014},
publisher = {Curran Associates, Inc.}
}

@article{Chowdhury21,
  author    = {Sadia Chowdhury and
               Ruth Urner},
  title     = {On the (Un-)Avoidability of Adversarial Examples},
  journal   = {CoRR},
  volume    = {abs/2106.13326},
  year      = {2021},
  url       = {https://arxiv.org/abs/2106.13326},
  eprinttype = {arXiv},
  eprint    = {2106.13326},
}

@article{Min20,
  author    = {Yifei Min and
               Lin Chen and
               Amin Karbasi},
  title     = {The Curious Case of Adversarially Robust Models: More Data Can Help,
               Double Descend, or Hurt Generalization},
  journal   = {CoRR},
  volume    = {abs/2002.11080},
  year      = {2020},
  url       = {https://arxiv.org/abs/2002.11080},
  archivePrefix = {arXiv},
  eprint    = {2002.11080}
}

@article{Cheng20,
  author    = {Minhao Cheng and
               Qi Lei and
               Pin{-}Yu Chen and
               Inderjit S. Dhillon and
               Cho{-}Jui Hsieh},
  title     = {{CAT:} Customized Adversarial Training for Improved Robustness},
  journal   = {CoRR},
  volume    = {abs/2002.06789},
  year      = {2020},
  url       = {https://arxiv.org/abs/2002.06789},
}

@book{Ash90, place={New York}, title={Information theory}, publisher={Dover Publications}, author={Ash, Robert B.}, year={1990}}


@inproceedings{Dasgupta07,
  author    = {Sanjoy Dasgupta and
               Daniel J. Hsu and
               Claire Monteleoni},
  editor    = {John C. Platt and
               Daphne Koller and
               Yoram Singer and
               Sam T. Roweis},
  title     = {A general agnostic active learning algorithm},
  booktitle = {Advances in Neural Information Processing Systems 20, Proceedings
               of the Twenty-First Annual Conference on Neural Information Processing
               Systems, Vancouver, British Columbia, Canada, December 3-6, 2007},
  pages     = {353--360},
  publisher = {Curran Associates, Inc.},
  year      = {2007}
}

@inproceedings{Ding20,
  author    = {Gavin Weiguang Ding and
               Yash Sharma and
               Kry Yik Chau Lui and
               Ruitong Huang},
  title     = {{MMA} Training: Direct Input Space Margin Maximization through Adversarial
               Training},
  booktitle = {8th International Conference on Learning Representations, {ICLR} 2020,
               Addis Ababa, Ethiopia, April 26-30, 2020},
  publisher = {OpenReview.net},
  year      = {2020},
}

@inproceedings{WJC18,
  author    = {Yizhen Wang and
               Somesh Jha and
               Kamalika Chaudhuri},
  title     = {Analyzing the Robustness of Nearest Neighbors to Adversarial Examples},
  booktitle = {Proceedings of the 35th International Conference on Machine Learning,
               {ICML} 2018, Stockholmsm{\"{a}}ssan, Stockholm, Sweden, July
               10-15, 2018},
  pages     = {5120--5129},
  year      = {2018},
}

@inproceedings{Srebro19,
  author    = {Omar Montasser and
               Steve Hanneke and
               Nathan Srebro},
  title     = {{VC} Classes are Adversarially Robustly Learnable, but Only Improperly},
  booktitle = {Conference on Learning Theory, {COLT} 2019, 25-28 June 2019, Phoenix,
               AZ, {USA}},
  pages     = {2512--2530},
  year      = {2019},
}

@inproceedings{Omar22,
  author    = {Omar Montasser and
               Steve Hanneke and
               Nathan Srebro},
  editor    = {Gustau Camps{-}Valls and
               Francisco J. R. Ruiz and
               Isabel Valera},
  title     = {Transductive Robust Learning Guarantees},
  booktitle = {International Conference on Artificial Intelligence and Statistics,
               {AISTATS} 2022, 28-30 March 2022, Virtual Event},
  series    = {Proceedings of Machine Learning Research},
  volume    = {151},
  pages     = {11461--11471},
  publisher = {{PMLR}},
  year      = {2022}
}

@article{Bubeck19,
  author    = {Hadi Salman and
               Greg Yang and
               Jerry Li and
               Pengchuan Zhang and
               Huan Zhang and
               Ilya P. Razenshteyn and
               S{\'{e}}bastien Bubeck},
  title     = {Provably Robust Deep Learning via Adversarially Trained Smoothed Classifiers},
  journal   = {CoRR},
  volume    = {abs/1906.04584},
  year      = {2019},
  url       = {http://arxiv.org/abs/1906.04584},
  archivePrefix = {arXiv},
  eprint    = {1906.04584},
}

@inproceedings{Vinod19,
  author    = {Dmitrii Avdiukhin and
               Slobodan Mitrovic and
               Grigory Yaroslavtsev and
               Samson Zhou},
  title     = {Adversarially Robust Submodular Maximization under Knapsack Constraints},
  booktitle = {Proceedings of the 25th {ACM} {SIGKDD} International Conference on
               Knowledge Discovery {\&} Data Mining, {KDD} 2019, Anchorage, AK,
               USA, August 4-8, 2019.},
  pages     = {148--156},
  year      = {2019},
  doi       = {10.1145/3292500.3330911}
}

@article{YRWC19,
  author    = {Yao{-}Yuan Yang and
               Cyrus Rashtchian and
               Yizhen Wang and
               Kamalika Chaudhuri},
  title     = {Adversarial Examples for Non-Parametric Methods: Attacks, Defenses
               and Large Sample Limits},
  journal   = {CoRR},
  volume    = {abs/1906.03310},
  year      = {2019},
  url       = {http://arxiv.org/abs/1906.03310},
  archivePrefix = {arXiv},
  eprint    = {1906.03310},
}
@inproceedings{Carlini17,
  author    = {Nicholas Carlini and
               David A. Wagner},
  title     = {Towards Evaluating the Robustness of Neural Networks},
  booktitle = {2017 {IEEE} Symposium on Security and Privacy, {SP} 2017, San Jose,
               CA, USA, May 22-26, 2017},
  pages     = {39--57},
  year      = {2017},
}
@inproceedings{Liu17,
  author    = {Yanpei Liu and
               Xinyun Chen and
               Chang Liu and
               Dawn Song},
  title     = {Delving into Transferable Adversarial Examples and Black-box Attacks},
  booktitle = {5th International Conference on Learning Representations, {ICLR} 2017,
               Toulon, France, April 24-26, 2017, Conference Track Proceedings},
  year      = {2017},
}
@article{Papernot17,
  author    = {Nicolas Papernot and
               Patrick D. McDaniel and
               Ian J. Goodfellow and
               Somesh Jha and
               Z. Berkay Celik and
               Ananthram Swami},
  title     = {Practical Black-Box Attacks against Deep Learning Systems using Adversarial
               Examples},
  journal   = {ASIACCS},
  year      = {2017},
}
@inproceedings{Papernot16,
  author    = {Nicolas Papernot and
               Patrick D. McDaniel and
               Somesh Jha and
               Matt Fredrikson and
               Z. Berkay Celik and
               Ananthram Swami},
  title     = {The Limitations of Deep Learning in Adversarial Settings},
  booktitle = {{IEEE} European Symposium on Security and Privacy, EuroS{\&}P
               2016, Saarbr{\"{u}}cken, Germany, March 21-24, 2016},
  pages     = {372--387},
  year      = {2016},
}
@inproceedings{Szegedy14,
  author    = {Christian Szegedy and
               Wojciech Zaremba and
               Ilya Sutskever and
               Joan Bruna and
               Dumitru Erhan and
               Ian J. Goodfellow and
               Rob Fergus},
  title     = {Intriguing properties of neural networks},
  booktitle = {2nd International Conference on Learning Representations, {ICLR} 2014,
               Banff, AB, Canada, April 14-16, 2014, Conference Track Proceedings},
  year      = {2014},
}

@inproceedings{Luxburg03,
  author    = {Ulrike von Luxburg and
               Olivier Bousquet},
  editor    = {Bernhard Sch{\"{o}}lkopf and
               Manfred K. Warmuth},
  title     = {Distance-Based Classification with Lipschitz Functions},
  booktitle = {Computational Learning Theory and Kernel Machines, 16th Annual Conference
               on Computational Learning Theory and 7th Kernel Workshop, COLT/Kernel
               2003, Washington, DC, USA, August 24-27, 2003, Proceedings},
  series    = {Lecture Notes in Computer Science},
  volume    = {2777},
  pages     = {314--328},
  publisher = {Springer},
  year      = {2003},
}

@incollection{Hein17,
title = {Formal Guarantees on the Robustness of a Classifier against Adversarial Manipulation},
author = {Hein, Matthias and Andriushchenko, Maksym},
booktitle = {Advances in Neural Information Processing Systems 30},
editor = {I. Guyon and U. V. Luxburg and S. Bengio and H. Wallach and R. Fergus and S. Vishwanathan and R. Garnett},
pages = {2266--2276},
year = {2017},
publisher = {Curran Associates, Inc.},
}
@inproceedings{Katz17,
  author    = {Guy Katz and
               Clark W. Barrett and
               David L. Dill and
               Kyle Julian and
               Mykel J. Kochenderfer},
  title     = {Towards Proving the Adversarial Robustness of Deep Neural Networks},
  booktitle = {Proceedings First Workshop on Formal Verification of Autonomous Vehicles,
               FVAV@iFM 2017, Turin, Italy, 19th September 2017.},
  pages     = {19--26},
  year      = {2017}
}
@inproceedings{Schmidt18,
  author    = {Aleksander Madry and
               Aleksandar Makelov and
               Ludwig Schmidt and
               Dimitris Tsipras and
               Adrian Vladu},
  title     = {Towards Deep Learning Models Resistant to Adversarial Attacks},
  booktitle = {6th International Conference on Learning Representations, {ICLR} 2018,
               Vancouver, BC, Canada, April 30 - May 3, 2018, Conference Track Proceedings},
  year      = {2018}
}
@inproceedings{Wu16,
  author    = {Nicolas Papernot and
               Patrick D. McDaniel and
               Xi Wu and
               Somesh Jha and
               Ananthram Swami},
  title     = {Distillation as a Defense to Adversarial Perturbations Against Deep
               Neural Networks},
  booktitle = {{IEEE} Symposium on Security and Privacy, {SP} 2016, San Jose, CA,
               USA, May 22-26, 2016},
  pages     = {582--597},
  year      = {2016}
}
@inproceedings{Steinhardt18,
  author    = {Aditi Raghunathan and
               Jacob Steinhardt and
               Percy Liang},
  title     = {Certified Defenses against Adversarial Examples},
  booktitle = {6th International Conference on Learning Representations, {ICLR} 2018,
               Vancouver, BC, Canada, April 30 - May 3, 2018, Conference Track Proceedings},
  year      = {2018}
}
@inproceedings{Sinha18,
  author    = {Aman Sinha and
               Hongseok Namkoong and
               John C. Duchi},
  title     = {Certifying Some Distributional Robustness with Principled Adversarial
               Training},
  booktitle = {6th International Conference on Learning Representations, {ICLR} 2018,
               Vancouver, BC, Canada, April 30 - May 3, 2018, Conference Track Proceedings},
  year      = {2018}
}
@inproceedings{Amsaleg17,
  author    = {Laurent Amsaleg and
               James Bailey and
               Dominique Barbe and
               Sarah M. Erfani and
               Michael E. Houle and
               Vinh Nguyen and
               Milos Radovanovic},
  title     = {The vulnerability of learning to adversarial perturbation increases
               with intrinsic dimensionality},
  booktitle = {2017 {IEEE} Workshop on Information Forensics and Security, WIFS
               2017, Rennes, France, December 4-7, 2017},
  pages     = {1--6},
  year      = {2017}
}

@inproceedings{Samy18,
  author    = {Gamaleldin F. Elsayed and
               Dilip Krishnan and
               Hossein Mobahi and
               Kevin Regan and
               Samy Bengio},
  editor    = {Samy Bengio and
               Hanna M. Wallach and
               Hugo Larochelle and
               Kristen Grauman and
               Nicol{\`{o}} Cesa{-}Bianchi and
               Roman Garnett},
  title     = {Large Margin Deep Networks for Classification},
  booktitle = {Advances in Neural Information Processing Systems 31: Annual Conference
               on Neural Information Processing Systems 2018, NeurIPS 2018, 3-8 December
               2018, Montr{\'{e}}al, Canada},
  pages     = {850--860},
  year      = {2018},
}

@inproceedings{Sitawarin19,
  author    = {Chawin Sitawarin and
               David A. Wagner},
  title     = {On the Robustness of Deep K-Nearest Neighbors},
  booktitle = {2019 {IEEE} Security and Privacy Workshops, {SP} Workshops 2019, San
               Francisco, CA, USA, May 19-23, 2019},
  pages     = {1--7},
  year      = {2019}
}
@article{Gates72,
  author    = {Geoffrey W. Gates},
  title     = {The reduced nearest neighbor rule (Corresp.)},
  journal   = {{IEEE} Trans. Information Theory},
  volume    = {18},
  number    = {3},
  pages     = {431--433},
  year      = {1972}
}
@inproceedings{Gottlieb14,
  author    = {Lee{-}Ad Gottlieb and
               Aryeh Kontorovich and
               Pinhas Nisnevitch},
  title     = {Near-optimal sample compression for nearest neighbors},
  booktitle = {Advances in Neural Information Processing Systems 27: Annual Conference
               on Neural Information Processing Systems 2014, December 8-13 2014,
               Montreal, Quebec, Canada},
  pages     = {370--378},
  year      = {2014}
}
@article{Hart68,
  author    = {Peter E. Hart},
  title     = {The condensed nearest neighbor rule (Corresp.)},
  journal   = {{IEEE} Trans. Information Theory},
  volume    = {14},
  number    = {3},
  pages     = {515--516},
  year      = {1968}
}
@inproceedings{KontorovichSW17,
  author    = {Aryeh Kontorovich and
               Sivan Sabato and
               Roi Weiss},
  title     = {Nearest-Neighbor Sample Compression: Efficiency, Consistency, Infinite
               Dimensions},
  booktitle = {Advances in Neural Information Processing Systems 30: Annual Conference
               on Neural Information Processing Systems 2017, 4-9 December 2017,
               Long Beach, CA, {USA}},
  pages     = {1573--1583},
  year      = {2017}
}
@inproceedings{KontorovichW15,
  author    = {Aryeh Kontorovich and
               Roi Weiss},
  title     = {A Bayes consistent 1-NN classifier},
  booktitle = {Proceedings of the Eighteenth International Conference on Artificial
               Intelligence and Statistics, {AISTATS} 2015, San Diego, California,
               USA, May 9-12, 2015},
  year      = {2015}
}
@article{Steinwart05,
  author    = {Ingo Steinwart},
  title     = {Consistency of support vector machines and other regularized kernel
               classifiers},
  journal   = {{IEEE} Trans. Information Theory},
  volume    = {51},
  number    = {1},
  pages     = {128--142},
  year      = {2005}
}
@article{Stone77,
  author    = {Charles Stone},
  title     = {Consistent Nonparametric Regression},
  journal   = {The Annals of Statistics},
  volume    = {5},
  number    = {4},
  pages     = {595-645},
  year      = {1977}
}

@inproceedings{yao1977probabilistic,
  title={Probabilistic computations: Toward a unified measure of complexity},
  author={Yao, Andrew Chi-Chin},
  booktitle={18th Annual Symposium on Foundations of Computer Science (sfcs 1977)},
  pages={222--227},
  year={1977},
  organization={IEEE Computer Society}
}

@misc{vapnik1974theory,
  title={Theory of pattern recognition},
  author={Vapnik, Vladimir and Chervonenkis, Alexey},
  year={1974},
  publisher={Nauka, Moscow}
}

@book{devroye96,
  author    = {Luc Devroye and
               L{\'{a}}szl{\'{o}} Gy{\"{o}}rfi and
               G{\'{a}}bor Lugosi},
  title     = {A Probabilistic Theory of Pattern Recognition},
  series    = {Stochastic Modelling and Applied Probability},
  volume    = {31},
  publisher = {Springer},
  year      = {1996}
}
@InProceedings{MeekLowd05,
  title =	"Adversarial learning",
  author =	"Daniel Lowd and Christopher Meek",
  booktitle =	"Proceedings of the Eleventh ACM SIGKDD International
		 Conference on Knowledge Discovery and Data Mining,
		 Chicago, Illinois, USA, August 21-24, 2005",
  publisher =	"ACM",
  year = 	"2005",
  booktitle =	"KDD",
  editor =	"Robert Grossman and Roberto J. Bayardo and Kristin P.
		 Bennett",
  ISBN = 	"1-59593-135-X",
  pages =	"641--647",
}

@inproceedings{Bennett00,
  author    = {Kristin P. Bennett and
               Erin J. Bredensteiner},
  editor    = {Pat Langley},
  title     = {Duality and Geometry in {SVM} Classifiers},
  booktitle = {Proceedings of the Seventeenth International Conference on Machine
               Learning {(ICML} 2000), Stanford University, Stanford, CA, USA, June
               29 - July 2, 2000},
  pages     = {57--64},
  publisher = {Morgan Kaufmann},
  year      = {2000},
}



@Misc{Goodfellow14,
  title =	"Explaining and Harnessing Adversarial Examples",
  author =	"Ian J. Goodfellow and Jonathon Shlens and Christian
		 Szegedy",
  year = 	"2014",
  month =	mar # "~20",
  subject =	"Statistics - Machine Learning; Computer Science -
		 Learning",
  URL =  	"http://arxiv.org/abs/1412.6572",
}
@incollection{Hein19,
title = {Provably robust boosted decision stumps and trees against adversarial attacks},
author = {Andriushchenko, Maksym and Hein, Matthias},
booktitle = {Advances in Neural Information Processing Systems 32},
editor = {H. Wallach and H. Larochelle and A. Beygelzimer and E. Fox and R. Garnett},
pages = {12997--13008},
year = {2019},
publisher = {Curran Associates, Inc.},
}
@Article{Kantchelian15,
  title =	"Evasion and Hardening of Tree Ensemble Classifiers",
  author =	"Alex Kantchelian and J. D. Tygar and Anthony D.
		 Joseph",
  journal =	"CoRR",
  year = 	"2015",
  volume =	"abs/1509.07892",
  bibdate =	"2018-08-13",
  bibsource =	"DBLP,
		 http://dblp.uni-trier.de/db/journals/corr/corr1509.html#KantchelianTJ15",
  URL =  	"http://arxiv.org/abs/1509.07892",
}
@Article{Hsiehicml19,
  title =	"Robust Decision Trees Against Adversarial Examples",
  author =	"Hongge Chen and Huan Zhang and Duane S. Boning and
		 Cho-Jui Hsieh",
  journal =	"CoRR",
  year = 	"2019",
  volume =	"abs/1902.10660",
  bibdate =	"2019-05-21",
}
@Article{Hanneke19,
  title =	"Universal Bayes consistency in metric spaces",
  author =	"Steve Hanneke and Aryeh Kontorovich and Sivan Sabato
		 and Roi Weiss",
  journal =	"CoRR",
  year = 	"2019",
  volume =	"abs/1906.09855",
  bibdate =	"2019-06-27",
}









